<record><leader>00000cas a2200000 a 4500</leader><controlfield tag="001">12847962</controlfield><controlfield tag="008">851126d18411852tnuwr ne      0    0eng  </controlfield><controlfield tag="009">466</controlfield><datafield ind1=" " ind2=" " tag="010"><subfield code="a">sn 85042765 </subfield></datafield><datafield ind1=" " ind2=" " tag="040"><subfield code="a">DLC</subfield><subfield code="b">eng</subfield><subfield code="c">DLC</subfield><subfield code="d">NPX</subfield><subfield code="d">PPM</subfield><subfield code="d">DLC</subfield><subfield code="d">KNP</subfield><subfield code="d">TGN</subfield><subfield code="d">OCL</subfield><subfield code="d">OCLCO</subfield><subfield code="d">OCLCF</subfield></datafield><datafield ind1="1" ind2=" " tag="029"><subfield code="a">AU@</subfield><subfield code="b">000020125998</subfield></datafield><datafield ind1=" " ind2=" " tag="042"><subfield code="a">msc</subfield></datafield><datafield ind1="0" ind2="0" tag="050"><subfield code="a">Newspaper 9793-X</subfield></datafield><datafield ind1="0" ind2=" " tag="130"><subfield code="a">Western weekly review (Franklin, Tenn. : 1841)</subfield></datafield><datafield ind1="0" ind2="0" tag="245"><subfield code="a">Western weekly review.</subfield></datafield><datafield ind1="1" ind2="3" tag="246"><subfield code="a">Weekly review</subfield></datafield><datafield ind1=" " ind2=" " tag="260"><subfield code="a">Franklin, Tenn. :</subfield><subfield code="b">[s.n.],</subfield><subfield code="c">1841-1852.</subfield></datafield><datafield ind1=" " ind2=" " tag="300"><subfield code="a">v. :</subfield><subfield code="b">ill. ;</subfield><subfield code="c">55 cm.</subfield></datafield><datafield ind1=" " ind2=" " tag="310"><subfield code="a">Weekly</subfield></datafield><datafield ind1="0" ind2=" " tag="362"><subfield code="a">Vol. 9, no. 30 (Jan. 8, 1841)-v. 22, no. 27 (Feb. 20, 1852).</subfield></datafield><datafield ind1=" " ind2=" " tag="500"><subfield code="a">Publishers: P.M. Neal, 1841-1842; Neal &amp; Cameron, 1842-1843; Hogan &amp; Cameron, 1843-1844; Cameron &amp; Neal, 1844; Cameron &amp; Haynes, 1845; Jas. Hogan, Jr. &amp; D. Cameron, 1845-&lt;1849&gt;; D. Cameron, W.T. &amp; E.C. Harrison, &lt;1850&gt;; D. Cameron &amp; W.T. Harrison, 1850-1851; D. Cameron, 1852.</subfield></datafield><datafield ind1=" " ind2="0" tag="651"><subfield code="a">Franklin (Tenn.)</subfield><subfield code="v">Newspapers.</subfield></datafield><datafield ind1=" " ind2="0" tag="651"><subfield code="a">Williamson County (Tenn.)</subfield><subfield code="v">Newspapers.</subfield></datafield><datafield ind1=" " ind2="7" tag="655"><subfield code="a">Newspapers.</subfield><subfield code="2">fast</subfield><subfield code="0">(OCoLC)fst01423814</subfield></datafield><datafield ind1=" " ind2="7" tag="651"><subfield code="a">Tennessee</subfield><subfield code="z">Franklin.</subfield><subfield code="2">fast</subfield><subfield code="0">(OCoLC)fst01208691</subfield></datafield><datafield ind1=" " ind2="7" tag="651"><subfield code="a">Tennessee</subfield><subfield code="z">Williamson County.</subfield><subfield code="2">fast</subfield><subfield code="0">(OCoLC)fst01207678</subfield></datafield><datafield ind1=" " ind2=" " tag="752"><subfield code="a">United States</subfield><subfield code="b">Tennessee</subfield><subfield code="c">Williamson</subfield><subfield code="d">Franklin.</subfield></datafield><datafield ind1="0" ind2="0" tag="780"><subfield code="t">Weekly review (Franklin, Tenn. : 1838)</subfield><subfield code="w">(DLC)sn 85042764</subfield></datafield><datafield ind1="0" ind2="0" tag="785"><subfield code="t">Weekly review (Franklin, Tenn. : 1852)</subfield><subfield code="w">(DLC)sn 87090470</subfield></datafield></record>